@Book{xie2015,
  title = {Dynamic Documents with {R} and knitr},
  author = {Yihui Xie},
  publisher = {Chapman and Hall/CRC},
  address = {Boca Raton, Florida},
  year = {2015},
  edition = {2nd},
  note = {ISBN 978-1498716963},
  url = {http://yihui.org/knitr/},
}
@misc{BibEntry2021Apr,
	title = {{DANE}},
	year = {2021},
	month = {Apr},
	note = {[Online; accessed 23. Apr. 2021]},
	url = {https://www.dane.gov.co}
}
@misc{maldonado2009metodologia,
  title={Metodolog{\'\i}a de planificaci{\'o}n estad{\'\i}stica estrat{\'e}gica institucional-PEEI-DANE},
  author={Maldonado, H y Sep{\'u}lveda, C y guti{\'e}rrez, J},
  year={2009},
  publisher={Bogot{\'a}}
}
@misc{BibEntry2021May,
	title = {Dimensiones de la Calidad seg{\'u}n OECD y Eurostat - Instituto Nacional de Estad{\ifmmode\acute{\imath}\else\'{\i}\fi}sticas},
	year = {2007},
	month = {Noviembre},
}
@article{brackstone2003gestion,
  title={Gesti{\'o}n de la calidad de los datos en un organismo estad{\'\i}stico},
  author={Brackstone, Gordon},
  year={2003},
  publisher={CEPAL}
}
@misc{BibEntry2020Oct,
  title = {Norma tecnica de la calidad del proceso estad{\'\i}stico - DANE},
	year = {2020},
	month = {Oct},
	note = {[Online; accessed 2. May 2021]},
	url = {https://www.dane.gov.co/files/sen/normatividad/NTC-Proceso-Estadistico-PE-1000-2020.pdf}
}
@book{echegoyen2004registros,
  title={Registros administrativos, calidad de los datos y credibilidad p{\'u}blica: presentaci{\'o}n y debate de los temas sustantivos de la segunda reuni{\'o}n de la Conferencia Estad{\'\i}stica de las Am{\'e}ricas de la CEPAL},
  author={Echegoyen, Graciela},
  volume={21},
  year={2004},
  publisher={United Nations Publications}
}

@misc{BibEntry2021May,
	title = {{Aspectos generales}},
	year = {2021},
	month = {May},
	note = {[Online; accessed 31. May 2021]},
	url = {https://www.dane.gov.co/index.php/sistema-estadistico-nacional-sen/planificacion-estadistica/aspectos-generales}
}
